<?xml version="1.0" encoding="UTF-8"?>
<record xmlns="http://www.loc.gov/MARC21/slim" xmlns:xsi="http://www.w3.org/2001/XMLSchema-instance" xsi:schemaLocation="http://www.loc.gov/MARC21/slim http://www.loc.gov/standards/marcxml/schema/MARC21slim.xsd">
<leader>00000cam a22      a 4500</leader>
<controlfield tag="001">001686791</controlfield>
<controlfield tag="003">NNU</controlfield>
<controlfield tag="005">20100607154240.0</controlfield>
<controlfield tag="008">010214s1927    ua a          000 0aara d</controlfield>
<datafield tag="035" ind1=" " ind2=" ">
<subfield code="a">(OCoLC)60505866</subfield>
</datafield>
<datafield tag="040" ind1=" " ind2=" ">
<subfield code="a">MEAUC</subfield>
<subfield code="c">MEAUC</subfield>
<subfield code="d">OCLCG</subfield>
<subfield code="d">CLU</subfield>
</datafield>
<datafield tag="050" ind1="1" ind2="4">
<subfield code="a">PJ7864</subfield>
<subfield code="b">.T138m</subfield>
</datafield>
<datafield tag="100" ind1="1" ind2=" ">
<subfield code="6">880-01</subfield>
<subfield code="a">Taymūr, Muḥammad,</subfield>
<subfield code="d">1892-1921.</subfield>
</datafield>
<datafield tag="245" ind1="1" ind2="0">
<subfield code="6">880-02</subfield>
<subfield code="a">Mā tarāhu al-ʻuyūn /</subfield>
<subfield code="c">Muḥammad Taymūr.</subfield>
</datafield>
<datafield tag="250" ind1=" " ind2=" ">
<subfield code="6">880-03</subfield>
<subfield code="a">al-Ṭabʻah 2, muzayyinah bi-al-ṣuwar.</subfield>
</datafield>
<datafield tag="260" ind1=" " ind2=" ">
<subfield code="6">880-04</subfield>
<subfield code="a">al-Qāhirah :</subfield>
<subfield code="b">al-Maṭbaʻah al-Salafīyah wa-Maktabuhā,</subfield>
<subfield code="c">1927.</subfield>
</datafield>
<datafield tag="300" ind1=" " ind2=" ">
<subfield code="a">159 p. :</subfield>
<subfield code="b">ill. ;</subfield>
<subfield code="c">20 cm.</subfield>
</datafield>
<datafield tag="880" ind1="1" ind2=" ">
<subfield code="6">100-01/</subfield>
<subfield code="a">تيمور، محمود،</subfield>
<subfield code="d">1892-1921.</subfield>
</datafield>
<datafield tag="880" ind1="1" ind2="0">
<subfield code="6">245-02/</subfield>
<subfield code="a">ما تراه العيون /</subfield>
<subfield code="c">محمود تيمور.</subfield>
</datafield>
<datafield tag="880" ind1=" " ind2=" ">
<subfield code="6">250-03/</subfield>
<subfield code="a">الطبعة 2, مزينة بالصور.</subfield>
</datafield>
<datafield tag="880" ind1=" " ind2=" ">
<subfield code="6">260-04/</subfield>
<subfield code="a">القاهرة :</subfield>
<subfield code="b">المطبعة السلفية ومكتبها،</subfield>
<subfield code="c">1927.</subfield>
</datafield>
<datafield tag="OWN" ind1=" " ind2=" ">
<subfield code="a">GENERAL</subfield>
</datafield>
<datafield tag="AVA" ind1=" " ind2=" ">
<subfield code="a">NYU50</subfield>
<subfield code="b">BOBST</subfield>
<subfield code="c">Main Collection</subfield>
<subfield code="d">PJ7864.A52 M3</subfield>
<subfield code="e">unavailable</subfield>
<subfield code="t">Unavailable</subfield>
<subfield code="f">1</subfield>
<subfield code="g">1</subfield>
<subfield code="h">N</subfield>
<subfield code="i">1</subfield>
<subfield code="j">MAIN</subfield>
</datafield>
</record>
